@book{fowler1997,
  title={Analysis patterns: reusable object models},
  author={Fowler, Martin},
  year={1997},
  publisher={Addison-Wesley Professional}
}

@book{teste2023,
  title={Livro de Teste},
  author={Autor, Teste},
  year={2023},
  publisher={Editora Teste}
}